@ARTICLE{Yang+07,
  author = {{Yang}, X. and {Mo}, H.~J. and {van den Bosch}, F.~C. and
      {Pasquali}, A. and {Li}, C. and {Barden}, M.},
  title = {{Galaxy Groups in the SDSS DR4. I. The Catalog and Basic Properties}},
  journal = {\apj},
  year = {2007},
  volume = {671},
  pages = {153--170},
  month = dec,
  archiveprefix = {arXiv},
  eprint = {0707.4640},
  keywords = {Cosmology: Dark Matter, Galaxies: Halos, Cosmology: Large-Scale
      Structure of Universe, Methods: Statistical}
}

@ARTICLE{Berlind+06,
  author = {{Berlind}, A.~A. and {Frieman}, J. and {Weinberg}, D.~H. and
      {Blanton}, M.~R. and {Warren}, M.~S. and {Abazajian}, K. and {Scranton},
      R. and {Hogg}, D.~W. and {Scoccimarro}, R. and {Bahcall}, N.~A. and
      {Brinkmann}, J. and {Gott}, III, J.~R. and {Kleinman}, S.~J. and
      {Krzesinski}, J. and {Lee}, B.~C. and {Miller}, C.~J. and {Nitta}, A. },
  title = {{Percolation Galaxy Groups and Clusters in the SDSS Redshift Survey:
      Identification, Catalogs, and the Multiplicity Function}},
  journal = {\apjs},
  year = {2006},
  volume = {167},
  pages = {1-25},
  month = nov,
  adsnote = {Provided by the SAO/NASA Astrophysics Data System},
  adsurl = {http://cdsads.u-strasbg.fr/abs/2006ApJS..167....1B},
  doi = {10.1086/508170},
  eprint = {arXiv:astro-ph/0601346},
  keywords = {Galaxies: Clusters: General, Cosmology: Large-Scale Structure of Universe}
}

@ARTICLE{Tempel+14,
   author = {{Tempel}, E. and {Tamm}, A. and {Gramann}, M. and {Tuvikene}, T. and
    {Liivam{\"a}gi}, L.~J. and {Suhhonenko}, I. and {Kipper}, R. and
    {Einasto}, M. and {Saar}, E.},
    title = "{Flux- and volume-limited groups/clusters for the SDSS galaxies: catalogues and mass estimation}",
  journal = {\aap},
archivePrefix = "arXiv",
   eprint = {1402.1350},
 keywords = {galaxies: clusters: general, galaxies: groups: general, galaxies: statistics, large-scale structure of Universe, cosmology: observations, catalogs},
     year = 2014,
    month = jun,
   volume = 566,
      eid = {A1},
    pages = {A1},
      doi = {10.1051/0004-6361/201423585},
   adsurl = {http://adsabs.harvard.edu/abs/2014A%26A...566A...1T},
  adsnote = {Provided by the SAO/NASA Astrophysics Data System}
}

@ARTICLE{vonderLinden+10,
   author = {{von der Linden}, A. and {Wild}, V. and {Kauffmann}, G. and
    {White}, S.~D.~M. and {Weinmann}, S.},
    title = "{Star formation and AGN activity in SDSS cluster galaxies}",
  journal = {\mnras},
archivePrefix = "arXiv",
   eprint = {0909.3522},
 primaryClass = "astro-ph.CO",
 keywords = {galaxies: clusters: general, galaxies: evolution, galaxies: statistics, galaxies: stellar content},
     year = 2010,
    month = may,
   volume = 404,
    pages = {1231-1246},
      doi = {10.1111/j.1365-2966.2010.16375.x},
   adsurl = {http://adsabs.harvard.edu/abs/2010MNRAS.404.1231V},
  adsnote = {Provided by the SAO/NASA Astrophysics Data System}
}

@ARTICLE{Marinoni+02,
   author = {{Marinoni}, C. and {Davis}, M. and {Newman}, J.~A. and {Coil},
   A.~L.
    },
    title = "{Three-dimensional Identification and Reconstruction of Galaxy
Systems within Flux-limited Redshift Surveys}",
  journal = {\apj},
   eprint = {astro-ph/0112370},
 keywords = {Galaxies: Clusters: General, Galaxies: High-Redshift,
     Cosmology: Large-Scale Structure of Universe, Methods: Data Analysis},
     year = 2002,
    month = nov,
   volume = 580,
    pages = {122-143},
      doi = {10.1086/343092},
   adsurl = {http://adsabs.harvard.edu/abs/2002ApJ...580..122M},
  adsnote = {Provided by the SAO/NASA Astrophysics Data System}
}

@BOOK{Zwicky+61,
   author = {{Zwicky}, F. and {Herzog}, E. and {Wild}, P. and {Karpowicz}, M. and
    {Kowal}, C.~T.},
    title = "{Catalogue of galaxies and of clusters of galaxies, Vol. I}",
 keywords = {CATALOGS, GALAXIES, CLUSTERS OF GALAXIES},
booktitle = {Pasadena: California Institute of Technology (CIT), |c1961},
     year = 1961,
   adsurl = {http://adsabs.harvard.edu/abs/1961cgcg.book.....Z},
  adsnote = {Provided by the SAO/NASA Astrophysics Data System}
}

@ARTICLE{Turner+76,
   author = {{Turner}, E.~L. and {Gott}, III, J.~R.},
    title = "{Groups of galaxies. I. A catalog.}",
  journal = {\apjs},
     year = 1976,
    month = nov,
   volume = 32,
    pages = {409-427},
      doi = {10.1086/190403},
   adsurl = {http://adsabs.harvard.edu/abs/1976ApJS...32..409T},
  adsnote = {Provided by the SAO/NASA Astrophysics Data System}
}

@ARTICLE{Peng+10,
   author = {{Peng}, Y.-j. and {Lilly}, S.~J. and {Kova{\v c}}, K. and {Bolzonella}, M. and
        {Pozzetti}, L. and {Renzini}, A. and {Zamorani}, G. and {Ilbert}, O. and
        {Knobel}, C. and {Iovino}, A. and {Maier}, C. and {Cucciati}, O. and
        {Tasca}, L. and {Carollo}, C.~M. and {Silverman}, J. and {Kampczyk}, P. and
        {de Ravel}, L. and {Sanders}, D. and {Scoville}, N. and {Contini}, T. and
        {Mainieri}, V. and {Scodeggio}, M. and {Kneib}, J.-P. and {Le F{\`e}vre}, O. and
        {Bardelli}, S. and {Bongiorno}, A. and {Caputi}, K. and {Coppa}, G. and
        {de la Torre}, S. and {Franzetti}, P. and {Garilli}, B. and
        {Lamareille}, F. and {Le Borgne}, J.-F. and {Le Brun}, V. and
        {Mignoli}, M. and {Perez Montero}, E. and {Pello}, R. and {Ricciardelli}, E. and
        {Tanaka}, M. and {Tresse}, L. and {Vergani}, D. and {Welikala}, N. and
        {Zucca}, E. and {Oesch}, P. and {Abbas}, U. and {Barnes}, L. and
        {Bordoloi}, R. and {Bottini}, D. and {Cappi}, A. and {Cassata}, P. and
        {Cimatti}, A. and {Fumana}, M. and {Hasinger}, G. and {Koekemoer}, A. and
        {Leauthaud}, A. and {Maccagni}, D. and {Marinoni}, C. and {McCracken}, H. and
        {Memeo}, P. and {Meneux}, B. and {Nair}, P. and {Porciani}, C. and
        {Presotto}, V. and {Scaramella}, R.},
    title = {Mass and Environment as Drivers of Galaxy Evolution in SDSS and zCOSMOS and the Origin of the Schechter Function},
  journal = {\apj},
archivePrefix = "arXiv",
   eprint = {1003.4747},
 primaryClass = "astro-ph.CO",
     year = 2010,
    month = sep,
   volume = 721,
    pages = {193--221},
      doi = {10.1088/0004-637X/721/1/193},
}

@ARTICLE{DominguezRomero+12,
  author = {{Dom{\'{\i}}nguez Romero}, M.~J.~d.~L. and {Garc{\'{\i}}a Lambas},
      D. and {Muriel}, H.},
  title = {{An improved method for the identification of galaxy systems:
      measuring the gravitational redshift by dark matter haloes}},
  journal = {\mnras},
  year = {2012},
  volume = {427},
  pages = {L6-L10},
  month = nov,
  adsnote = {Provided by the SAO/NASA Astrophysics Data System},
  adsurl = {http://cdsads.u-strasbg.fr/abs/2012MNRAS.427L...6D},
  doi = {10.1111/j.1745-3933.2012.01326.x},
  keywords = {gravitation, galaxies: groups: general, galaxies: haloes, dark matter}
}
